<?xml version="1.0" encoding="UTF-8"?><entry xmlns="http://www.w3.org/2005/Atom">
  <content type="application/xml">
    <response xmlns="http://worldcat.org/rb" mimeType="application/vnd.oclc.marc21+xml">
      <record xmlns="http://www.loc.gov/MARC21/slim">
        <leader>00000cam a2200000 a 4500</leader>
        <controlfield tag="001">ocm70775700</controlfield>
        <controlfield tag="003">OCoLC</controlfield>
        <controlfield tag="005">20180221053954.4</controlfield>
        <controlfield tag="008">060726s2007    maua   j      000 0 eng  </controlfield>
        <datafield tag="010" ind1=" " ind2=" ">
          <subfield code="a">  2006024654</subfield>
    </datafield>
        <datafield tag="040" ind1=" " ind2=" ">
          <subfield code="a">DLC</subfield>
          <subfield code="b">eng</subfield>
          <subfield code="c">DLC</subfield>
          <subfield code="d">BAKER</subfield>
          <subfield code="d">BTCTA</subfield>
          <subfield code="d">JAO</subfield>
          <subfield code="d">TEF</subfield>
          <subfield code="d">IG#</subfield>
          <subfield code="d">EHH</subfield>
          <subfield code="d">YDXCP</subfield>
          <subfield code="d">VP@</subfield>
          <subfield code="d">CQU</subfield>
          <subfield code="d">CDS</subfield>
          <subfield code="d">TWE</subfield>
          <subfield code="d">BDX</subfield>
          <subfield code="d">OCLCF</subfield>
          <subfield code="d">OCLCQ</subfield>
          <subfield code="d">NZHSD</subfield>
          <subfield code="d">YDX</subfield>
          <subfield code="d">CHILD</subfield>
          <subfield code="d">PX9</subfield>
          <subfield code="d">VBO</subfield>
    </datafield>
        <datafield tag="019" ind1=" " ind2=" ">
          <subfield code="a">404100549</subfield>
          <subfield code="a">990648916</subfield>
          <subfield code="a">1003717714</subfield>
          <subfield code="a">1003771761</subfield>
          <subfield code="a">1004266733</subfield>
          <subfield code="a">1005093833</subfield>
    </datafield>
        <datafield tag="020" ind1=" " ind2=" ">
          <subfield code="a">0618507671</subfield>
          <subfield code="q">(hardcover)</subfield>
    </datafield>
        <datafield tag="020" ind1=" " ind2=" ">
          <subfield code="a">9780618507672</subfield>
          <subfield code="q">(hardcover)</subfield>
    </datafield>
        <datafield tag="020" ind1=" " ind2=" ">
          <subfield code="a">9781428735668</subfield>
          <subfield code="q">(FollettBound)</subfield>
    </datafield>
        <datafield tag="020" ind1=" " ind2=" ">
          <subfield code="a">1428735666</subfield>
          <subfield code="q">(FollettBound)</subfield>
    </datafield>
        <datafield tag="020" ind1=" " ind2=" ">
          <subfield code="a">9780547850634</subfield>
    </datafield>
        <datafield tag="020" ind1=" " ind2=" ">
          <subfield code="a">0547850638</subfield>
    </datafield>
        <datafield tag="029" ind1="1" ind2=" ">
          <subfield code="a">AU@</subfield>
          <subfield code="b">000040594288</subfield>
    </datafield>
        <datafield tag="029" ind1="1" ind2=" ">
          <subfield code="a">IG#</subfield>
          <subfield code="b">9780618507672</subfield>
    </datafield>
        <datafield tag="029" ind1="1" ind2=" ">
          <subfield code="a">NZ1</subfield>
          <subfield code="b">11450386</subfield>
    </datafield>
        <datafield tag="029" ind1="1" ind2=" ">
          <subfield code="a">NZ1</subfield>
          <subfield code="b">1275316</subfield>
    </datafield>
        <datafield tag="029" ind1="1" ind2=" ">
          <subfield code="a">NLNZL</subfield>
          <subfield code="b">9912753163502836</subfield>
    </datafield>
        <datafield tag="035" ind1=" " ind2=" ">
          <subfield code="a">(OCoLC)70775700</subfield>
          <subfield code="z">(OCoLC)404100549</subfield>
          <subfield code="z">(OCoLC)990648916</subfield>
          <subfield code="z">(OCoLC)1003717714</subfield>
          <subfield code="z">(OCoLC)1003771761</subfield>
          <subfield code="z">(OCoLC)1004266733</subfield>
          <subfield code="z">(OCoLC)1005093833</subfield>
    </datafield>
        <datafield tag="037" ind1=" " ind2=" ">
          <subfield code="b">Junior Library Guild</subfield>
          <subfield code="n">http://www.juniorlibraryguild.com</subfield>
    </datafield>
        <datafield tag="050" ind1="0" ind2="0">
          <subfield code="a">SF426.5</subfield>
          <subfield code="b">.J46 2007</subfield>
    </datafield>
        <datafield tag="082" ind1="0" ind2="0">
          <subfield code="a">636.7</subfield>
          <subfield code="2">22</subfield>
    </datafield>
        <datafield tag="049" ind1=" " ind2=" ">
          <subfield code="a">MAIN</subfield>
    </datafield>
        <datafield tag="100" ind1="1" ind2=" ">
          <subfield code="a">Jenkins, Steve,</subfield>
          <subfield code="d">1952-</subfield>
    </datafield>
        <datafield tag="245" ind1="1" ind2="0">
          <subfield code="a">Dogs and cats /</subfield>
          <subfield code="c">Steve Jenkins.</subfield>
    </datafield>
        <datafield tag="246" ind1="3" ind2="0">
          <subfield code="a">Dogs</subfield>
    </datafield>
        <datafield tag="246" ind1="3" ind2="0">
          <subfield code="a">Cats</subfield>
    </datafield>
        <datafield tag="260" ind1=" " ind2=" ">
          <subfield code="a">Boston :</subfield>
          <subfield code="b">Houghton Mifflin Co.,</subfield>
          <subfield code="c">2007.</subfield>
    </datafield>
        <datafield tag="300" ind1=" " ind2=" ">
          <subfield code="a">1 volume (unpaged) :</subfield>
          <subfield code="b">color illustrations ;</subfield>
          <subfield code="c">29 cm</subfield>
    </datafield>
        <datafield tag="336" ind1=" " ind2=" ">
          <subfield code="a">text</subfield>
          <subfield code="b">txt</subfield>
          <subfield code="2">rdacontent</subfield>
    </datafield>
        <datafield tag="337" ind1=" " ind2=" ">
          <subfield code="a">unmediated</subfield>
          <subfield code="b">n</subfield>
          <subfield code="2">rdamedia</subfield>
    </datafield>
        <datafield tag="338" ind1=" " ind2=" ">
          <subfield code="a">volume</subfield>
          <subfield code="b">nc</subfield>
          <subfield code="2">rdacarrier</subfield>
    </datafield>
        <datafield tag="586" ind1="8" ind2=" ">
          <subfield code="a">A Junior Library Guild selection</subfield>
    </datafield>
        <datafield tag="526" ind1="0" ind2=" ">
          <subfield code="a">Accelerated Reader/Renaissance Learning</subfield>
          <subfield code="b">LG</subfield>
          <subfield code="c">5.6</subfield>
          <subfield code="d">1.</subfield>
    </datafield>
        <datafield tag="500" ind1=" " ind2=" ">
          <subfield code="a">Two stories bound back to back and inverted.</subfield>
    </datafield>
        <datafield tag="520" ind1=" " ind2=" ">
          <subfield code="a">"Are you a cat lover? A dog person? Either way, this book is for you! Read about how your favorite companion came to be a pet and how its body works. Then, flip the book over and find out about the other kind."--Barnesandnoble.com.</subfield>
    </datafield>
        <datafield tag="526" ind1="0" ind2=" ">
          <subfield code="a">Accelerated Reader</subfield>
          <subfield code="b">LG</subfield>
          <subfield code="c">5.6</subfield>
          <subfield code="d">1.0</subfield>
          <subfield code="z">114018.</subfield>
    </datafield>
        <datafield tag="650" ind1=" " ind2="0">
          <subfield code="a">Dogs</subfield>
          <subfield code="v">Miscellanea</subfield>
          <subfield code="v">Juvenile literature.</subfield>
    </datafield>
        <datafield tag="650" ind1=" " ind2="0">
          <subfield code="a">Cats</subfield>
          <subfield code="v">Miscellanea</subfield>
          <subfield code="v">Juvenile literature.</subfield>
    </datafield>
        <datafield tag="650" ind1=" " ind2="1">
          <subfield code="a">Dogs</subfield>
          <subfield code="v">Miscellanea.</subfield>
    </datafield>
        <datafield tag="650" ind1=" " ind2="1">
          <subfield code="a">Cats</subfield>
          <subfield code="v">Miscellanea.</subfield>
    </datafield>
        <datafield tag="650" ind1=" " ind2="7">
          <subfield code="a">Cats.</subfield>
          <subfield code="2">fast</subfield>
          <subfield code="0">(OCoLC)fst00849374</subfield>
    </datafield>
        <datafield tag="650" ind1=" " ind2="7">
          <subfield code="a">Dogs.</subfield>
          <subfield code="2">fast</subfield>
          <subfield code="0">(OCoLC)fst00896265</subfield>
    </datafield>
        <datafield tag="650" ind1=" " ind2="7">
          <subfield code="a">Cats</subfield>
          <subfield code="v">Miscellanea.</subfield>
          <subfield code="2">sears</subfield>
    </datafield>
        <datafield tag="650" ind1=" " ind2="7">
          <subfield code="a">Dogs</subfield>
          <subfield code="v">Miscellanea.</subfield>
          <subfield code="2">sears</subfield>
    </datafield>
        <datafield tag="650" ind1=" " ind2="7">
          <subfield code="a">Upside-down books.</subfield>
          <subfield code="2">sears</subfield>
    </datafield>
        <datafield tag="655" ind1=" " ind2="4">
          <subfield code="a">Children's nonfiction.</subfield>
          <subfield code="5">NZ-WeK</subfield>
    </datafield>
        <datafield tag="655" ind1=" " ind2="7">
          <subfield code="a">Juvenile works.</subfield>
          <subfield code="2">fast</subfield>
          <subfield code="0">(OCoLC)fst01411637</subfield>
    </datafield>
        <datafield tag="655" ind1=" " ind2="7">
          <subfield code="a">Miscellanea.</subfield>
          <subfield code="2">fast</subfield>
          <subfield code="0">(OCoLC)fst01423854</subfield>
    </datafield>
        <datafield tag="856" ind1="4" ind2="2">
          <subfield code="3">Contributor biographical information</subfield>
          <subfield code="u">http://catdir.loc.gov/catdir/enhancements/fy0736/2006024654-b.html</subfield>
    </datafield>
        <datafield tag="856" ind1="4" ind2="2">
          <subfield code="3">Publisher description</subfield>
          <subfield code="u">http://catdir.loc.gov/catdir/enhancements/fy0702/2006024654-d.html</subfield>
    </datafield>
        <datafield tag="856" ind1="4" ind2=" ">
          <subfield code="3">Image</subfield>
          <subfield code="u">http://www.perma-bound.com/ws/image/cover/000016580/m</subfield>
    </datafield>
        <datafield tag="938" ind1=" " ind2=" ">
          <subfield code="a">YBP Library Services</subfield>
          <subfield code="b">YANK</subfield>
          <subfield code="n">8749949</subfield>
    </datafield>
        <datafield tag="938" ind1=" " ind2=" ">
          <subfield code="a">Baker &amp; Taylor</subfield>
          <subfield code="b">BKTY</subfield>
          <subfield code="c">16.00</subfield>
          <subfield code="d">16.00</subfield>
          <subfield code="i">0618507671</subfield>
          <subfield code="n">0006939373</subfield>
          <subfield code="s">active</subfield>
    </datafield>
        <datafield tag="938" ind1=" " ind2=" ">
          <subfield code="a">Brodart</subfield>
          <subfield code="b">BROD</subfield>
          <subfield code="n">06028594</subfield>
          <subfield code="c">$16.00</subfield>
    </datafield>
        <datafield tag="938" ind1=" " ind2=" ">
          <subfield code="a">Baker and Taylor</subfield>
          <subfield code="b">BTCP</subfield>
          <subfield code="n">2006024654</subfield>
    </datafield>
        <datafield tag="938" ind1=" " ind2=" ">
          <subfield code="a">Ingram</subfield>
          <subfield code="b">INGR</subfield>
          <subfield code="n">9780618507672</subfield>
    </datafield>
        <datafield tag="938" ind1=" " ind2=" ">
          <subfield code="a">YBP Library Services</subfield>
          <subfield code="b">YANK</subfield>
          <subfield code="n">2584247</subfield>
    </datafield>
        <datafield tag="938" ind1=" " ind2=" ">
          <subfield code="a">Children's Plus, Inc.</subfield>
          <subfield code="b">CHIL</subfield>
          <subfield code="n">1690533</subfield>
    </datafield>
  </record>
    </response>
  </content>
  <id>http://worldcat.org/oclc/70775700</id>
  <link href="http://worldcat.org/oclc/70775700"/>
</entry>